<record xmlns="http://www.loc.gov/MARC21/slim">
    <leader>03774ctm a2200517Ki 4500</leader>
    <controlfield tag="001">99900477830601852</controlfield>
    <controlfield tag="005">20200308062213.2</controlfield>
    <controlfield tag="008">180301q14401450it 000 0 lat d</controlfield>
    <datafield ind1=" " ind2=" " tag="035">
        <subfield code="a">(OCoLC)1026484816</subfield>
    </datafield>
    <datafield ind1=" " ind2=" " tag="035">
        <subfield code="a">(OCoLC)on1026484816</subfield>
    </datafield>
    <datafield ind1=" " ind2=" " tag="035">
        <subfield code="a">(EXLNZ-01ALLIANCE_NETWORK)99324887734901451</subfield>
    </datafield>
    <datafield ind1=" " ind2=" " tag="040">
        <subfield code="a">ORU</subfield>
        <subfield code="b">eng</subfield>
        <subfield code="e">rda</subfield>
        <subfield code="c">ORU</subfield>
        <subfield code="d">OCLCQ</subfield>
        <subfield code="d">ORU</subfield>
        <subfield code="d">OCLCF</subfield>
    </datafield>
    <datafield ind1=" " ind2=" " tag="041">
        <subfield code="a">lat</subfield>
    </datafield>
    <datafield ind1=" " ind2=" " tag="049">
        <subfield code="a">MAIN</subfield>
    </datafield>
    <datafield ind1="0" ind2=" " tag="100">
        <subfield code="a">Terence,</subfield>
        <subfield code="e">author.</subfield>
    </datafield>
    <datafield ind1="1" ind2="0" tag="245">
        <subfield code="a">Comoediae.</subfield>
    </datafield>
    <datafield ind1=" " ind2="0" tag="264">
        <subfield code="a">Italy,</subfield>
        <subfield code="c">between 1440-1450.</subfield>
    </datafield>
    <datafield ind1=" " ind2=" " tag="300">
        <subfield code="a">144 leaves</subfield>
        <subfield code="b">paper ;</subfield>
        <subfield code="c">215 x 145 mm</subfield>
    </datafield>
    <datafield ind1=" " ind2=" " tag="336">
        <subfield code="a">text</subfield>
        <subfield code="b">txt</subfield>
        <subfield code="2">rdacontent</subfield>
    </datafield>
    <datafield ind1=" " ind2=" " tag="337">
        <subfield code="a">unmediated</subfield>
        <subfield code="b">n</subfield>
        <subfield code="2">rdamedia</subfield>
    </datafield>
    <datafield ind1=" " ind2=" " tag="338">
        <subfield code="a">volume</subfield>
        <subfield code="b">nc</subfield>
        <subfield code="2">rdacarrier</subfield>
    </datafield>
    <datafield ind1=" " ind2=" " tag="540">
        <subfield code="a">All requests for permission to quote or publish from manuscripts must be
            submitted in writing to the Head of Special Collections &amp; University
            Archives.</subfield>
    </datafield>
    <datafield ind1="1" ind2=" " tag="541">
        <subfield code="c">Donation/Purchase ;</subfield>
        <subfield code="a">Julia Burgess,</subfield>
        <subfield code="d">1935-1942.</subfield>
    </datafield>
    <datafield ind1=" " ind2=" " tag="520">
        <subfield code="a">This work is a complete collection of Terence&apos;s work. Terence
            adapted Greek plays from the late phase of attic comedy. All six of his plays are extent
            and are collected here. It is estimated that over 650 manuscripts of Terence&apos;s work
            date from after 800 CE. Scribes often learned Latin from meticulously copying
            Terence&apos;s text. The first printed edition of Terence dated 1470, approximately 20
            to 30 years after the production of manuscript.</subfield>
    </datafield>
    <datafield ind1=" " ind2=" " tag="500">
        <subfield code="a">Manuscript codex.</subfield>
    </datafield>
    <datafield ind1=" " ind2=" " tag="500">
        <subfield code="a">Title devised by cataloger.</subfield>
    </datafield>
    <datafield ind1=" " ind2=" " tag="500">
        <subfield code="a">Collation: Small quarto (215 x 145 mm) in quires of 10 (except VII^12,
            XII^12). Vertical catchwords, enclosed in a box, on the lower margin at the end of each
            quire. No pagination. No pricking. outer margin ruled by metal point. On watermarked
            paper.</subfield>
    </datafield>
    <datafield ind1=" " ind2=" " tag="500">
        <subfield code="a">Origin: Italy.</subfield>
    </datafield>
    <datafield ind1=" " ind2=" " tag="500">
        <subfield code="a">Layout: 1 column of 24 lines on an area 133 x 95 mm. Wide
            margins.</subfield>
    </datafield>
    <datafield ind1=" " ind2=" " tag="500">
        <subfield code="a">Script: Roman humanistic characters. In 1, Subiaco humanistic hand.
            Scholia interlinearis et marginalis, in cursive. Earlier text in brown ink with later
            text in dark black.</subfield>
    </datafield>
    <datafield ind1=" " ind2=" " tag="500">
        <subfield code="a">Decoration: Alternating large semi-Gothic capitals in deep blue and
            orange-red of varied size. Rubricated headings and names of characters.</subfield>
    </datafield>
    <datafield ind1=" " ind2=" " tag="500">
        <subfield code="a">Binding: 222 x 150 mm exposed pressed boards over edged morocco. Spine
            showing 5 raised bands, reinforced uniquely by strips of vellum. Edward Sandford
            Burgess&apos; notes suggest the book was rebound in England in the 16th
            century.</subfield>
    </datafield>
    <datafield ind1=" " ind2=" " tag="500">
        <subfield code="a">Shelfmark: Eugene, OR, Special Collections and University Archives,
            University of Oregon, MS 033.</subfield>
    </datafield>
    <datafield ind1=" " ind2=" " tag="546">
        <subfield code="a">In Latin.</subfield>
    </datafield>
    <datafield ind1="0" ind2=" " tag="505">
        <subfield code="a">Content: Comoediae. Andria ff1r-24v; Eunuchus ff 24v-50v; Heauton
            Timoumenos ff50v-74v; Adelphi ff74v-93v; Phormio ff93v-123r; Hecyra ff 123v-144; f52r
            &quot;Homo sum, Humani nihil ac / me alienum puto&quot; I am human and I think nothing
            human is alien by me.</subfield>
    </datafield>
    <datafield ind1=" " ind2=" " tag="506">
        <subfield code="a">RESTRICTED ORIGINAL. USE DIGITAL COPY ONLY:</subfield>
        <subfield code="b">Use of original only by permission of the rare books curator. Inquiries
            concerning this item should be directed, in writing, to the Public Services Librarian,
            Special Collections Department, UO Libraries, or electronically:</subfield>
        <subfield code="u"
            >https://library.uoregon.edu/special-collections/research-assistance.</subfield>
    </datafield>
    <datafield ind1=" " ind2="0" tag="650">
        <subfield code="a">Manuscripts</subfield>
        <subfield code="z">Oregon</subfield>
        <subfield code="z">Eugene.</subfield>
    </datafield>
    <datafield ind1=" " ind2="7" tag="650">
        <subfield code="a">Manuscripts.</subfield>
        <subfield code="2">fast</subfield>
        <subfield code="0">(OCoLC)fst01008230</subfield>
    </datafield>
    <datafield ind1=" " ind2="7" tag="651">
        <subfield code="a">Oregon</subfield>
        <subfield code="z">Eugene.</subfield>
        <subfield code="2">fast</subfield>
        <subfield code="0">(OCoLC)fst01205922</subfield>
    </datafield>
    <datafield ind1=" " ind2="0" tag="655">
        <subfield code="a">Manuscripts, Latin (medieval and modern).</subfield>
    </datafield>
    <datafield ind1="2" ind2=" " tag="710">
        <subfield code="a">University of Oregon.</subfield>
        <subfield code="b">Libraries.</subfield>
        <subfield code="b">Special Collections &amp; University Archives.</subfield>
        <subfield code="k">Manuscript.</subfield>
        <subfield code="n">MS 033.</subfield>
    </datafield>
    <datafield ind1="1" ind2=" " tag="700">
        <subfield code="a">Burgess, Edward Sandford,</subfield>
        <subfield code="d">1855-1928,</subfield>
        <subfield code="e">former owner.</subfield>
    </datafield>
    <datafield ind1="1" ind2=" " tag="700">
        <subfield code="a">Burgess, Julia,</subfield>
        <subfield code="e">former owner.</subfield>
    </datafield>
    <datafield ind1=" " ind2=" " tag="851">
        <subfield code="a">Special Collections and University Archives,</subfield>
        <subfield code="c">University of Oregon, Eugene, OR 97403.</subfield>
    </datafield>
    <datafield ind1="8" ind2=" " tag="852">
        <subfield code="8">22329397010001852</subfield>
        <subfield code="b">SpecColl</subfield>
        <subfield code="c">spvault</subfield>
        <subfield code="h">MS 033</subfield>
    </datafield>
    <datafield ind1=" " ind2=" " tag="994">
        <subfield code="a">92</subfield>
        <subfield code="b">OCACL</subfield>
    </datafield>
</record>
